@misc{huttley_gavin_2021_4542532,
  author       = {Huttley, Gavin},
  title        = {{cogent3: comparative genomics toolkit (2020.12.21)}},
  year         = {2021},
  howpublished    = {Zenodo. \url{https://doi.org/10.5281/zenodo.4542532}},
  version      = {2020.12.21},
  doi          = {10.5281/zenodo.4542532},
  url          = {https://doi.org/10.5281/zenodo.4542532}
}


@inbook{McCullagh1989GeneralizedModels,
    title = {{Generalized Linear Models}},
    year = {1989},
    author = {McCullagh, P and Nelder, J. A},
    edition = {2nd},
    pages = {119,174},
    publisher = {Chapman {\&} Hall},
    address = {Boca Raton}
}

@misc{accupy,
  author = {Schl√∂mer, Nico},
  title = {Accupy},
  year={2021},
  publisher = {GitHub},
  journal = {GitHub repository},
  howpublished = {\url{https://github.com/nschloe/accupy}},
  commit = {3384f33fad95c30ba4a44fd4be8af2014d62ecac}
}

@misc{HuttleyEnsembldb3,
  author = {Huttley, Gavin},
  title = {Ensembldb3},
  year={2021},
  publisher = {GitHub},
  journal = {GitHub repository},
  howpublished = {\url{https://github.com/cogent3/ensembldb3}},
  commit = {dab58f0df8793c008a0c79445bbccd6a08763da1}
}


@misc{HuttleyHomologsampler,
  author = {Huttley, Gavin},
  title = {Homologsampler},
    year={2021},
  publisher = {GitHub},
  journal = {GitHub repository},
  howpublished = {\url{https://github.com/cogent3/homologsampler}},
  commit = {1d58f961c4ab54aed27c6bf43ee8c2188a1698c1}
}

@Misc{SciPy2001,
  author =    {Eric Jones and Travis Oliphant and Pearu Peterson and others},
  title =     {{SciPy}: Open source scientific tools for {Python}},
  year =      {2001--},
  url = "http://www.scipy.org/"
}

@misc{plotly, 
    author = {{Plotly Technologies Inc.}}, 
    title = {Collaborative data science},
    publisher = {Plotly Technologies Inc.}, 
    address = {Montreal, QC}, year = {2015}, 
    howpublished = {\url{https://plot.ly}}
}


@article{Deshmukh2018LevelsGenome,
author = {Deshmukh, Saniya and Ponnaluri, Chaithanya and Dai, Nan and Pradhan, Sriharsa and Deobagkar, Deepti},
year = {2018},
month = {07},
pages = {e5119},
title = {Levels of DNA cytosine methylation in the Drosophila genome},
volume = {6},
journal = {PeerJ},
doi = {10.7717/peerj.5119}
}
