@article{McDonald2012AnArchaea,
    title = {{An improved Greengenes taxonomy with explicit ranks for ecological and evolutionary analyses of bacteria and archaea}},
    year = {2012},
    journal = {ISME Journal},
    author = {McDonald, Daniel and Price, Morgan N and Goodrich, Julia and Nawrocki, Eric P and Desantis, Todd Z and Probst, Alexander and Andersen, Gary L and Knight, Rob and Hugenholtz, Philip},
    number = {3},
    volume = {6},
    doi = {10.1038/ismej.2011.139},
    issn = {17517362}
}

@article{Siepel2005EvolutionarilyGenomes,
    title = {{Evolutionarily conserved elements in vertebrate, insect, worm, and yeast genomes}},
    year = {2005},
    journal = {Genome Research},
    author = {Siepel, Adam and Bejerano, Gill and Pedersen, Jakob S and Hinrichs, Angie S and Hou, Minmei and Rosenbloom, Kate and Clawson, Hiram and Spieth, John and Hillier, La Deana W and Richards, Stephen and Weinstock, George M and Wilson, Richard K and Gibbs, Richard A and Kent, W James and Miller, Webb and Haussler, David},
    number = {8},
    volume = {15},
    doi = {10.1101/gr.3715005},
    issn = {10889051}
}

@article{Kaehler2015,
    title = {{Genetic distance for a general non-stationary Markov substitution process}},
    year = {2015},
    journal = {Systematic Biology},
    author = {Kaehler, Benjamin D. and Yap, Von Bing and Zhang, Rongli and Huttley, Gavin A.},
    number = {2},
    month = {3},
    pages = {281--293},
    volume = {64},
    publisher = {Oxford University Press},
    url = {https://pubmed.ncbi.nlm.nih.gov/25503772/},
    doi = {10.1093/sysbio/syu106},
    issn = {1076836X},
    pmid = {25503772},
    keywords = {Genetic distance, Markov process, Maximum likelihood, Molecular clock, Nonstationary}
}

@article{Karlin1998GlobalHeterogeneity,
    title = {{Global dinucleotide signatures and analysis of genomic heterogeneity}},
    year = {1998},
    journal = {Current Opinion in Microbiology},
    author = {Karlin, Samuel},
    number = {5},
    volume = {1},
    doi = {10.1016/S1369-5274(98)80095-7},
    issn = {13695274}
}

@article{Edwards1972Likelihood,
    title = {{Likelihood}},
    year = {1972},
    journal = {Cambridge University Press},
    author = {Edwards, A W F}
}

@article{Dempster878,
    title = {{Likelihood. An Account of the Statistical Concept of Likelihood and Its Application to Scientific Inference. A. W. F. Edwards. Cambridge University Press, New York, 1972. xvi, 236 pp., illus. {\$}13.50}},
    year = {1972},
    journal = {Science},
    author = {Dempster, A P},
    number = {4052},
    pages = {878--879},
    volume = {177},
    publisher = {American Association for the Advancement of Science},
    url = {https://science.sciencemag.org/content/177/4052/878},
    doi = {10.1126/science.177.4052.878},
    issn = {0036-8075}
}

@article{Dwivedi2009PhylogeneticGaps,
    title = {{Phylogenetic inference under varying proportions of indel-induced alignment gaps}},
    year = {2009},
    journal = {BMC Evolutionary Biology},
    author = {Dwivedi, Bhakti and Gadagkar, Sudhindra R},
    number = {1},
    volume = {9},
    doi = {10.1186/1471-2148-9-211},
    issn = {14712148}
}

@misc{Slotkin2007TransposableGenome,
    title = {{Transposable elements and the epigenetic regulation of the genome}},
    year = {2007},
    booktitle = {Nature Reviews Genetics},
    author = {Slotkin, R Keith and Martienssen, Robert},
    number = {4},
    pages = {272--285},
    volume = {8},
    doi = {10.1038/nrg2072},
    issn = {14710056},
    pmid = {17363976}
}

@article{Rost1999TwilightAlignments,
    title = {{Twilight zone of protein sequence alignments}},
    year = {1999},
    journal = {Protein Engineering},
    author = {Rost, Burkhard},
    number = {2},
    volume = {12},
    doi = {10.1093/protein/12.2.85},
    issn = {02692139}
}

@article{Hamady2006UsingTransfer,
    title = {{Using the nucleotide substitution rate matrix to detect horizontal gene transfer}},
    year = {2006},
    journal = {BMC Bioinformatics},
    author = {Hamady, Micah and Betterton, M D and Knight, Rob},
    doi = {10.1186/1471-2105-7-476},
    issn = {14712105},
    pmid = {17067382}
}

@article{Drake1991AMicrobes,
    title = {{A constant rate of spontaneous mutation in DNA-based microbes}},
    year = {1991},
    journal = {Proceedings of the National Academy of Sciences of the United States of America},
    author = {Drake, J. W.},
    number = {16},
    volume = {88},
    doi = {10.1073/pnas.88.16.7160},
    issn = {00278424}
}

@article{Palmer1997AMice,
    title = {{A gene spans the pseudoautosomal boundary in mice}},
    year = {1997},
    journal = {Proceedings of the National Academy of Sciences of the United States of America},
    author = {Palmer, Steve and Perry, Jo and Kipling, David and Ashworth, Alan},
    number = {22},
    month = {10},
    pages = {12030--12035},
    volume = {94},
    publisher = {Proc Natl Acad Sci U S A},
    url = {https://pubmed.ncbi.nlm.nih.gov/9342357/},
    doi = {10.1073/pnas.94.22.12030},
    issn = {00278424},
    pmid = {9342357},
    keywords = {A Ashworth, Amelogenin, Animals, Artificial, Chromosome Walking*, Chromosomes, DNA, Dental Enamel Proteins / genetics, Female, Gene Dosage, Gene Expression, Gene Library, Introns, J Perry, MEDLINE, Male, Mice / genetics*, Molecular Sequence Data, NCBI, NIH, NLM, National Center for Biotechnology Information, National Institutes of Health, National Library of Medicine, Non-U.S. Gov't, Nucleic Acid, PMC23693, Polymerase Chain Reaction, Proteins / genetics*, PubMed Abstract, Repetitive Sequences, Research Support, S Palmer, Sequence Analysis, Sequence Tagged Sites, Sex Chromosomes*, Tissue Distribution, Ubiquitin-Protein Ligases, X Chromosome, Y Chromosome, Yeast, doi:10.1073/pnas.94.22.12030, pmid:9342357}
}

@article{Lanave1984ARates,
    title = {{A new method for calculating evolutionary substitution rates}},
    year = {1984},
    journal = {Journal of Molecular Evolution},
    author = {Lanave, Cecilia and Preparata, Giuliano and Sacone, Cecilia and Serio, Gabriella},
    number = {1},
    month = {2},
    pages = {86--93},
    volume = {20},
    publisher = {Springer-Verlag},
    url = {https://pubmed.ncbi.nlm.nih.gov/6429346/},
    doi = {10.1007/BF02101990},
    issn = {00222844},
    pmid = {6429346},
    keywords = {Evolution of mitochondrial DNA, Molecular evolution, Monte Carlo simulation, Silent substitution, Stochastic markov chain}
}

@misc{Endres2003ADistributions,
    title = {{A new metric for probability distributions}},
    year = {2003},
    booktitle = {IEEE Transactions on Information Theory},
    author = {Endres, Dominik M. and Schindelin, Johannes E.},
    doi = {10.1109/TIT.2003.813506},
    issn = {00189448},
    keywords = {Capacitory discrimination, Jensen-Shannon divergence, Metric, Triangle inequality, {$\chi$}2 distance}
}

@article{Perry2001AMice,
    title = {{A short pseudoautosomal region in laboratory mice}},
    year = {2001},
    journal = {Genome Research},
    author = {Perry, J. and Palmer, S. and Gabriel, A. and Ashworth, A.},
    doi = {10.1101/gr.203001},
    issn = {10889051},
    pmid = {11691846}
}

@article{Knight2001AGenomes.,
    title = {{A simple model based on mutation and selection explains trends in codon and amino-acid usage and GC composition within and across genomes.}},
    year = {2001},
    journal = {Genome biology},
    author = {Knight, R. D. and Freeland, S. J. and Landweber, L. F.},
    number = {4},
    volume = {2},
    publisher = {Genome Biol},
    url = {https://pubmed.ncbi.nlm.nih.gov/11305938/},
    doi = {10.1186/gb-2001-2-4-research0010},
    issn = {14656914},
    pmid = {11305938},
    keywords = {Amino Acids / genetics*, Animals, Archaea / genetics, Bacteria / genetics, Base Composition / genetics*, Codon / genetics*, Eukaryotic Cells / metabolism, Evolution, Genetic, Genetic*, Genome*, Humans, L F Landweber, MEDLINE, Models, Molecular, Mutation, NCBI, NIH, NLM, National Center for Biotechnology Information, National Institutes of Health, National Library of Medicine, PMC31479, PubMed Abstract, R D Knight, S J Freeland, Selection, doi:10.1186/gb-2001-2-4-research0010, pmid:11305938}
}

@article{McDonald1991AcceleratedDrosophila,
    title = {{Accelerated protein evolution at the Adh locus in Drosophila}},
    year = {1991},
    journal = {Nature},
    author = {McDonald, J H and Kreitman, M},
    volume = {351}
}

@article{Ogita2005AccurateProduct,
    title = {{Accurate sum and dot product}},
    year = {2005},
    journal = {SIAM Journal on Scientific Computing},
    author = {Ogita, Takeshi and Rump, Siegfried M. and Oishi, Shin'ichi},
    number = {6},
    month = {7},
    pages = {1955--1988},
    volume = {26},
    publisher = {Society for Industrial and Applied Mathematics},
    doi = {10.1137/030601818},
    issn = {10648275},
    keywords = {Accurate dot product, Accurate summation, Fast algorithms, High precision, Verified error bounds}
}

@article{Galtier2007AdaptationEvolution,
    title = {{Adaptation or biased gene conversion? Extending the null hypothesis of molecular evolution}},
    year = {2007},
    journal = {Trends in Genetics},
    author = {Galtier, Nicolas and Duret, Laurent},
    number = {6},
    month = {6},
    pages = {273--277},
    volume = {23},
    publisher = {Elsevier Current Trends},
    doi = {10.1016/J.TIG.2007.03.011},
    issn = {0168-9525}
}

@article{Shewchuk1997AdaptivePredicates,
    title = {{Adaptive precision floating-point arithmetic and fast robust geometric predicates}},
    year = {1997},
    journal = {Discrete and Computational Geometry},
    author = {Shewchuk, Jonathan Richard},
    number = {3},
    pages = {305--363},
    volume = {18},
    publisher = {Springer New York},
    url = {https://link.springer.com/article/10.1007/PL00009321},
    doi = {10.1007/pl00009321},
    issn = {01795376},
    keywords = {Combinatorics, Computational Mathematics and Numerical Analysis}
}

@article{McDonald2012AnArchaeab,
    title = {{An improved Greengenes taxonomy with explicit ranks for ecological and evolutionary analyses of bacteria and archaea}},
    year = {2012},
    journal = {ISME Journal},
    author = {McDonald, Daniel and Price, Morgan N. and Goodrich, Julia and Nawrocki, Eric P. and Desantis, Todd Z. and Probst, Alexander and Andersen, Gary L. and Knight, Rob and Hugenholtz, Philip},
    number = {3},
    volume = {6},
    doi = {10.1038/ismej.2011.139},
    issn = {17517362}
}

@article{Ota2000AppropriateParameters,
    title = {{Appropriate likelihood ratio tests and marginal distributions for evolutionary tree models with constraints on parameters}},
    year = {2000},
    journal = {Molecular Biology and Evolution},
    author = {Ota, Rissa and Waddell, Peter J. and Hasegawa, Masami and Shimodaira, Hidetoshi and Kishino, Hirohisa},
    number = {5},
    pages = {798--803},
    volume = {17},
    publisher = {Society for Molecular Biology and Evolution},
    url = {https://pubmed.ncbi.nlm.nih.gov/10779540/},
    doi = {10.1093/oxfordjournals.molbev.a026358},
    issn = {07374038},
    pmid = {10779540},
    keywords = {Gamma site substitution rate heterogeneity, Mixed chi-square, Phylogenetic log likelihood ratio tests, Truncated or half-normal distributions}
}

@article{GS2005AutomatedComparison.,
    title = {{Automated generation of heuristics for biological sequence comparison.}},
    year = {2005},
    journal = {BMC Bioinformatics},
    author = {GS, Slater and E, Birney},
    month = {2},
    pages = {31--31},
    volume = {6},
    url = {https://europepmc.org/articles/PMC553969 http://europepmc.org/article/MED/15713233},
    doi = {10.1186/1471-2105-6-31},
    issn = {1471-2105},
    pmid = {15713233},
    keywords = {Europe PMC, Europe PubMed Central, ORCIDs, REST APIs, abstracts, bioinformatics, biological patents, biomedical journals, biomedical research, citation networks, citation search, clinical guidelines, full text, journal articles, life sciences, literature search, open access, research articles, text mining}
}

@article{Duret2009BiasedLandscapes,
    title = {{Biased Gene Conversion and the Evolution of Mammalian Genomic Landscapes}},
    year = {2009},
    author = {Duret, Laurent and Galtier, Nicolas},
    url = {www.annualreviews.org},
    doi = {10.1146/annurev-genom-082908-150001},
    keywords = {comparative genomics, isochores, mutation, neutral evolution, recombination, selection}
}

@misc{Nakamura2000Codon2000,
    title = {{Codon usage tabulated from international DNA sequence databases: Status for the year 2000}},
    year = {2000},
    booktitle = {Nucleic Acids Research},
    author = {Nakamura, Yasukazu and Gojobori, Takashi and Ikemura, Toshimichi},
    number = {1},
    month = {1},
    pages = {292},
    volume = {28},
    publisher = {Oxford University Press},
    url = {/pmc/articles/PMC102460/ /pmc/articles/PMC102460/?report=abstract https://www.ncbi.nlm.nih.gov/pmc/articles/PMC102460/},
    doi = {10.1093/nar/28.1.292},
    issn = {03051048},
    pmid = {10592250}
}

@article{Karlin1994ComparisonsSequences,
    title = {{Comparisons of eukaryotic genomic sequences}},
    year = {1994},
    journal = {Proceedings of the National Academy of Sciences of the United States of America},
    author = {Karlin, Samuel and Ladunga, István},
    number = {26},
    month = {12},
    pages = {12832--12836},
    volume = {91},
    publisher = {Proc Natl Acad Sci U S A},
    url = {https://pubmed.ncbi.nlm.nih.gov/7809130/},
    doi = {10.1073/pnas.91.26.12832},
    issn = {00278424},
    pmid = {7809130},
    keywords = {dinucleotide relative abundance, molecular evolution, stacking energies}
}

@article{Topal1976ComplementaryMutations,
    title = {{Complementary base pairing and the origin of substitution mutations}},
    year = {1976},
    journal = {Nature},
    author = {Topal, Michael D. and Fresco, Jacques R.},
    number = {5575},
    pages = {285--289},
    volume = {263},
    publisher = {Nature},
    url = {https://pubmed.ncbi.nlm.nih.gov/958482/},
    doi = {10.1038/263285a0},
    issn = {00280836},
    pmid = {958482},
    keywords = {2-Aminopurine / metabolism, Biological*, Bromodeoxyuridine / metabolism, Chemical Phenomena, Chemistry, DNA Nucleotidyltransferases / metabolism, DNA Replication, DNA*, Exonucleases / metabolism, Genetic, Hydrogen Bonding, J R Fresco, M D Topal, MEDLINE, Models, Mutation*, NCBI, NIH, NLM, National Center for Biotechnology Information, National Institutes of Health, National Library of Medicine, Non-P.H.S., P.H.S., PubMed Abstract, Research Support, Templates, U.S. Gov't, doi:10.1038/263285a0, pmid:958482}
}

@article{Karlin1997CompositionalGenomes,
    title = {{Compositional differences within and between eukaryotic genomes}},
    year = {1997},
    journal = {Proceedings of the National Academy of Sciences of the United States of America},
    author = {Karlin, Samuel and Mr{\'{a}}zek, Jan},
    number = {19},
    volume = {94},
    doi = {10.1073/pnas.94.19.10227},
    issn = {00278424}
}

@article{Arbeithuber2015CrossoversHotspots,
    title = {{Crossovers are associated with mutation and biased gene conversion at recombination hotspots}},
    year = {2015},
    journal = {Proceedings of the National Academy of Sciences of the United States of America},
    author = {Arbeithuber, Barbara and Betancourt, Andrea J. and Ebner, Thomas and Tiemann-Boege, Irene},
    number = {7},
    month = {2},
    pages = {2109--2114},
    volume = {112},
    publisher = {National Academy of Sciences},
    url = {https://pubmed.ncbi.nlm.nih.gov/25646453/},
    doi = {10.1073/pnas.1416622112},
    issn = {10916490},
    pmid = {25646453},
    keywords = {Biased gene, Conversion, Crossover, Meiotic recombination, Mutation, Sequence evolution}
}

@article{Capuano2014CytosineSpecies,
    title = {{Cytosine DNA methylation is found in drosophila melanogaster but absent in saccharomyces cerevisiae, schizosaccharomyces pombe, and other yeast species}},
    year = {2014},
    journal = {Analytical Chemistry},
    author = {Capuano, Floriana and M{\"{u}}lleder, Michael and Kok, Robert and Blom, Henk J. and Ralser, Markus},
    number = {8},
    month = {4},
    pages = {3697--3702},
    volume = {86},
    publisher = {American Chemical Society},
    url = {https://pubmed.ncbi.nlm.nih.gov/24640988/},
    doi = {10.1021/ac500447w},
    issn = {15206882},
    pmid = {24640988},
    keywords = {Animals, Cytosine / chemistry*, DNA, DNA Methylation*, Drosophila melanogaster / genetics*, Floriana Capuano, Fungal / chemistry, Fungal / genetics, Gas Chromatography-Mass Spectrometry, Letter, MEDLINE, Markus Ralser, Mice, Michael M{\"{u}}lleder, NCBI, NIH, NLM, National Center for Biotechnology Information, National Institutes of Health, National Library of Medicine, Non-U.S. Gov't, PMC4006885, PubMed Abstract, Research Support, Saccharomyces cerevisiae / genetics*, Schizosaccharomyces / genetics*, Species Specificity, Yeasts / genetics, doi:10.1021/ac500447w, pmid:24640988}
}

@article{Hasegawa1985DatingDNA,
    title = {{Dating of the human-ape splitting by a molecular clock of mitochondrial DNA}},
    year = {1985},
    journal = {Journal of Molecular Evolution},
    author = {Hasegawa, Masami and Kishino, Hirohisa and Yano, Taka aki},
    number = {2},
    volume = {22},
    doi = {10.1007/BF02101694},
    issn = {00222844}
}

@article{Karlin1995DinucleotideSignature,
    title = {{Dinucleotide relative abundance extremes: a genomic signature}},
    year = {1995},
    journal = {Trends in Genetics},
    author = {Karlin, Samuel and Burge, Chris},
    number = {7},
    pages = {283--290},
    volume = {11},
    publisher = {Trends Genet},
    url = {https://pubmed.ncbi.nlm.nih.gov/7482779/},
    doi = {10.1016/S0168-9525(00)89076-9},
    issn = {01689525},
    pmid = {7482779},
    keywords = {Animals, C Burge, CpG Islands, DNA / genetics*, Dinucleotide Repeats*, Genome*, MEDLINE, NCBI, NIH, NLM, National Center for Biotechnology Information, National Institutes of Health, National Library of Medicine, Non-P.H.S., P.H.S., PubMed Abstract, Research Support, Review, S Karlin, U.S. Gov't, doi:10.1016/s0168-9525(00)89076-9, pmid:7482779}
}

@article{Haag-Liautard2007DirectDrosophila,
    title = {{Direct estimation of per nucleotide and genomic deleterious mutation rates in Drosophila}},
    year = {2007},
    journal = {Nature},
    author = {Haag-Liautard, Cathy and Dorris, Mark and Maside, Xulio and Macaskill, Steven and Halligan, Daniel L. and Charlesworth, Brian and Keightley, Peter D.},
    doi = {10.1038/nature05388},
    issn = {14764687},
    pmid = {17203060}
}

@article{Cutter2008DivergenceRate,
    title = {{Divergence times in Caenorhabditis and Drosophila inferred from direct estimates of the neutral mutation rate}},
    year = {2008},
    journal = {Molecular Biology and Evolution},
    author = {Cutter, Asher D.},
    number = {4},
    month = {4},
    pages = {778--786},
    volume = {25},
    publisher = {Mol Biol Evol},
    url = {https://pubmed.ncbi.nlm.nih.gov/18234705/},
    doi = {10.1093/molbev/msn024},
    issn = {07374038},
    pmid = {18234705},
    keywords = {Caenorhabditis, Divergence time, Drosophila, Molecular evolution}
}

@article{Stritt2020DiversityDistachyon,
    title = {{Diversity, dynamics and effects of long terminal repeat retrotransposons in the model grass Brachypodium distachyon}},
    year = {2020},
    journal = {New Phytologist},
    author = {Stritt, Christoph and Wyler, Michele and Gimmi, Elena L. and Pippel, Martin and Roulin, Anne C.},
    number = {6},
    month = {9},
    pages = {1736--1748},
    volume = {227},
    publisher = {Blackwell Publishing Ltd},
    url = {https://pubmed.ncbi.nlm.nih.gov/31677277/},
    doi = {10.1111/nph.16308},
    issn = {14698137},
    pmid = {31677277},
    keywords = {GC content, genome evolution, methylation, random forest, retrotransposons, transposable elements (TEs)}
}

@article{Bird1980DNADNA,
    title = {{DNA methylation and the frequency of CpG in animal DNA}},
    year = {1980},
    journal = {Nucleic Acids Research},
    author = {Bird, Adrian P.},
    number = {7},
    month = {4},
    pages = {1499--1504},
    volume = {8},
    publisher = {Oxford University Press},
    url = {/pmc/articles/PMC324012/?report=abstract https://www.ncbi.nlm.nih.gov/pmc/articles/PMC324012/},
    doi = {10.1093/nar/8.7.1499},
    issn = {03051048},
    pmid = {6253938}
}

@incollection{Krauss2011DNAEvaluation,
    title = {{DNA Methylation in drosophila-a critical evaluation}},
    year = {2011},
    booktitle = {Progress in Molecular Biology and Translational Science},
    author = {Krauss, Veiko and Reuter, Gunter},
    doi = {10.1016/B978-0-12-387685-0.00003-2},
    issn = {18771173},
    keywords = {DNA methylation, Dnmt2, Drosophila, MBD proteins, Retrotransposons, tRNA methylation}
}

@article{Bestor1990DNAEukaryotes.,
    title = {{DNA methylation: evolution of a bacterial immune function into a regulator of gene expression and genome structure in higher eukaryotes.}},
    year = {1990},
    journal = {Philosophical transactions of the Royal Society of London.},
    author = {Bestor, T. H.},
    number = {1235},
    volume = {326},
    doi = {10.1098/rstb.1990.0002},
    issn = {09628436}
}

@article{Bestor1990DNAEukaryotes.b,
    title = {{DNA methylation: evolution of a bacterial immune function into a regulator of gene expression and genome structure in higher eukaryotes.}},
    year = {1990},
    journal = {Philosophical transactions of the Royal Society of London.},
    author = {Bestor, T. H.},
    number = {1235},
    pages = {179--187},
    volume = {326},
    doi = {10.1098/rstb.1990.0002},
    issn = {09628436}
}

@misc{Dunwell2014DrosophilaQuestions,
    title = {{Drosophila genomic methylation: New evidence and new questions}},
    year = {2014},
    booktitle = {Epigenomics},
    author = {Dunwell, Thomas L. and Pfeifer, Gerd P.},
    doi = {10.2217/epi.14.46},
    issn = {1750192X},
    pmid = {25431937},
    keywords = {5-hydroxymethylcytosine, 5-methylcytosine, DNA methylation, Drosophila}
}

@misc{Dunwell2014DrosophilaQuestionsb,
    title = {{Drosophila genomic methylation: New evidence and new questions}},
    year = {2014},
    booktitle = {Epigenomics},
    author = {Dunwell, Thomas L. and Pfeifer, Gerd P.},
    doi = {10.2217/epi.14.46},
    issn = {1750192X},
    pmid = {25431937},
    keywords = {5-hydroxymethylcytosine, 5-methylcytosine, DNA methylation, Drosophila}
}

@article{Howe2021Ensembl2021,
    title = {{Ensembl 2021}},
    year = {2021},
    journal = {Nucleic Acids Research},
    author = {Howe, Kevin L. and Achuthan, Premanand and Allen, James and Allen, Jamie and Alvarez-Jarreta, Jorge and Ridwan Amode, M. and Armean, Irina M. and Azov, Andrey G. and Bennett, Ruth and Bhai, Jyothish and Billis, Konstantinos and Boddu, Sanjay and Charkhchi, Mehrnaz and Cummins, Carla and da Rin Fioretto, Luca and Davidson, Claire and Dodiya, Kamalkumar and El Houdaigui, Bilal and Fatima, Reham and Gall, Astrid and Giron, Carlos Garcia and Grego, Tiago and Guijarro-Clarke, Cristina and Haggerty, Leanne and Hemrom, Anmol and Hourlier, Thibaut and Izuogu, Osagie G. and Juettemann, Thomas and Kaikala, Vinay and Kay, Mike and Lavidas, Ilias and Le, Tuan and Lemos, Diana and Martinez, Jose Gonzalez and Marug{\'{a}}n, José Carlos and Maurel, Thomas and McMahon, Aoife C. and Mohanan, Shamika and Moore, Benjamin and Muffato, Matthieu and Oheh, Denye N. and Paraschas, Dimitrios and Parker, Anne and Parton, Andrew and Prosovetskaia, Irina and Sakthivel, Manoj P. and Abdul Salam, Ahamed I. and Schmitt, Bianca M. and Schuilenburg, Helen and Sheppard, Dan and Steed, Emily and Szpak, Michal and Szuba, Marek and Taylor, Kieron and Thormann, Anja and Threadgold, Glen and Walts, Brandon and Winterbottom, Andrea and Chakiachvili, Marc and Chaubal, Ameya and de Silva, Nishadi and Flint, Bethany and Frankish, Adam and Hunt, Sarah E. and IIsley, Garth R. and Langridge, Nick and Loveland, Jane E. and Martin, Fergal J. and Mudge, Jonathan M. and Morales, Joanella and Perry, Emily and Ruffier, Magali and Tate, John and Thybert, David and Trevanion, Stephen J. and Cunningham, Fiona and Yates, Andrew D. and Zerbino, Daniel R. and Flicek, Paul},
    number = {D1},
    month = {1},
    pages = {D884-D891},
    volume = {49},
    publisher = {Oxford University Press},
    url = {https://pubmed.ncbi.nlm.nih.gov/33137190/},
    doi = {10.1093/nar/gkaa942},
    issn = {13624962},
    pmid = {33137190},
    keywords = {Animals, COVID-19 / epidemiology, COVID-19 / virology, Computational Biology / methods*, Databases, Extramural, Genomics / methods*, Humans, Internet, Kevin L Howe, MEDLINE, Molecular Sequence Annotation / methods, N.I.H., NCBI, NIH, NLM, National Center for Biotechnology Information, National Institutes of Health, National Library of Medicine, Non-U.S. Gov't, Nucleic Acid*, PMC7778975, Pandemics, Paul Flicek, Premanand Achuthan, PubMed Abstract, Research Support, SARS-CoV-2 / genetics*, Vertebrates / classification, Vertebrates / genetics*, doi:10.1093/nar/gkaa942, pmid:33137190}
}

@article{Herrero2016EnsemblResources,
    title = {{Ensembl comparative genomics resources}},
    year = {2016},
    journal = {Database: The Journal of Biological Databases and Curation},
    author = {Herrero, Javier and Muffato, Matthieu and Beal, Kathryn and Fitzgerald, Stephen and Gordon, Leo and Pignatelli, Miguel and Vilella, Albert J. and Searle, Stephen M. J. and Amode, Ridwan and Brent, Simon and Spooner, William and Kulesha, Eugene and Yates, Andrew and Flicek, Paul},
    pages = {96},
    volume = {2016},
    publisher = {Oxford University Press},
    url = {/pmc/articles/PMC4761110/ /pmc/articles/PMC4761110/?report=abstract https://www.ncbi.nlm.nih.gov/pmc/articles/PMC4761110/},
    doi = {10.1093/DATABASE/BAV096},
    pmid = {26896847}
}

@misc{Anreiter2019EpigeneticMelanogaster,
    title = {{Epigenetic regulation of behavior in Drosophila melanogaster}},
    year = {2019},
    booktitle = {Current Opinion in Behavioral Sciences},
    author = {Anreiter, Ina and Biergans, Stephanie D. and Sokolowski, Marla B.},
    month = {2},
    pages = {45--50},
    volume = {25},
    publisher = {Elsevier Ltd},
    doi = {10.1016/j.cobeha.2018.06.010},
    issn = {23521546}
}

@article{Wang2010EstimatingLoci,
    title = {{Estimating divergence parameters with small samples from a large number of loci}},
    year = {2010},
    journal = {Genetics},
    author = {Wang, Yong and Hey, Jody},
    number = {2},
    month = {2},
    pages = {363--379},
    volume = {184},
    publisher = {Genetics},
    url = {https://pubmed.ncbi.nlm.nih.gov/19917765/},
    doi = {10.1534/genetics.109.110528},
    issn = {00166731},
    pmid = {19917765},
    keywords = {Animals, Drosophila melanogaster / genetics, Extramural, Genetic Loci*, Genetic Variation*, Genetic*, Genome, Insect / genetics, Jody Hey, Likelihood Functions, MEDLINE, Models, Mutation, N.I.H., NCBI, NIH, NLM, National Center for Biotechnology Information, National Institutes of Health, National Library of Medicine, PMC2828718, PubMed Abstract, Research Support, Yong Wang, doi:10.1534/genetics.109.110528, pmid:19917765}
}

@article{Jayaswal2007EstimationEvolution,
    title = {{Estimation of phylogeny and invariant sites under the general Markov model of nucleotide sequence evolution}},
    year = {2007},
    journal = {Systematic Biology},
    author = {Jayaswal, Vivek and Robinson, John and Jermiin, Lars},
    number = {2},
    month = {3},
    pages = {155--162},
    volume = {56},
    publisher = {Syst Biol},
    url = {https://pubmed.ncbi.nlm.nih.gov/17454972/},
    doi = {10.1080/10635150701247921},
    issn = {10635157},
    pmid = {17454972},
    keywords = {Invariant sites, Maximum likelihood, Nonhomogeneous process, Nonstationary process, Nucleotide substitution, Phylogenetics}
}

@article{Jayaswal2005EstimationModel,
    title = {{Estimation of Phylogeny Using a General Markov Model}},
    year = {2005},
    journal = {Evolutionary Bioinformatics},
    author = {Jayaswal, Vivek and Jermiin, Lars S. and Robinson, John},
    number = {25},
    month = {1},
    pages = {62--80},
    volume = {1},
    publisher = {SAGE Publications},
    url = {https://pubmed.ncbi.nlm.nih.gov/19325854/},
    doi = {10.1177/117693430500100005},
    issn = {1176-9343},
    pmid = {19325854},
    keywords = {John Robinson, Lars S Jermiin, MEDLINE, NCBI, NIH, NLM, National Center for Biotechnology Information, National Institutes of Health, National Library of Medicine, PMC2658871, PubMed Abstract, Vivek Jayaswal, pmid:19325854}
}

@article{Eyre-Walker1999EvidenceDNA.,
    title = {{Evidence of selection on silent site base composition in mammals: potential implications for the evolution of isochores and junk DNA.}},
    year = {1999},
    journal = {Genetics},
    author = {Eyre-Walker, A},
    number = {2},
    pages = {675},
    volume = {152},
    publisher = {Oxford University Press},
    url = {/pmc/articles/PMC1460637/?report=abstract https://www.ncbi.nlm.nih.gov/pmc/articles/PMC1460637/},
    pmid = {10353909}
}

@article{Bewick2017EvolutionInsects,
    title = {{Evolution of DNA methylation across insects}},
    year = {2017},
    journal = {Molecular Biology and Evolution},
    author = {Bewick, Adam J. and Vogel, Kevin J. and Moore, Allen J. and Schmitz, Robert J.},
    number = {3},
    pages = {654--665},
    volume = {34},
    publisher = {Oxford University Press},
    url = {https://pubmed.ncbi.nlm.nih.gov/28025279/},
    doi = {10.1093/molbev/msw264},
    issn = {15371719},
    pmid = {28025279},
    keywords = {DNA methylation, Molecular evolution, Phylogenetic comparisons, Social behavior, Whole genome bisulfite sequencing}
}

@article{2007EvolutionPhylogeny,
    title = {{Evolution of genes and genomes on the Drosophila phylogeny}},
    year = {2007},
    journal = {Nature 2007 450:7167},
    number = {7167},
    pages = {203--218},
    volume = {450},
    publisher = {Nature Publishing Group},
    url = {https://www.nature.com/articles/nature06341},
    doi = {10.1038/nature06341},
    issn = {1476-4687},
    keywords = {Humanities and Social Sciences, Science, multidisciplinary}
}

@incollection{Jukes1969EvolutionMetabolism,
    title = {{Evolution of protein molecules BT  - Mammalian protein metabolism}},
    year = {1969},
    booktitle = {Mammalian protein metabolism},
    author = {Jukes, T H and Cantor, C R}
}

@article{Lynch2010EvolutionRate,
    title = {{Evolution of the mutation rate}},
    year = {2010},
    journal = {Trends in Genetics},
    author = {Lynch, Michael},
    number = {8},
    month = {8},
    pages = {345--352},
    volume = {26},
    publisher = {Trends Genet},
    url = {https://pubmed.ncbi.nlm.nih.gov/20594608/},
    doi = {10.1016/j.tig.2010.05.003},
    issn = {01689525},
    pmid = {20594608},
    keywords = {Animals, DNA Repair, DNA Replication, Evolution, Extramural, Genetic, Humans, MEDLINE, Michael Lynch, Molecular*, Mutation*, N.I.H., NCBI, NIH, NLM, National Center for Biotechnology Information, National Institutes of Health, National Library of Medicine, Non-P.H.S., Non-U.S. Gov't, PMC2910838, Protein Biosynthesis, PubMed Abstract, Research Support, Transcription, U.S. Gov't, doi:10.1016/j.tig.2010.05.003, pmid:20594608}
}

@article{Siepel2005EvolutionarilyGenomesb,
    title = {{Evolutionarily conserved elements in vertebrate, insect, worm, and yeast genomes}},
    year = {2005},
    journal = {Genome Research},
    author = {Siepel, Adam and Bejerano, Gill and Pedersen, Jakob S. and Hinrichs, Angie S. and Hou, Minmei and Rosenbloom, Kate and Clawson, Hiram and Spieth, John and Hillier, La Deana W. and Richards, Stephen and Weinstock, George M. and Wilson, Richard K. and Gibbs, Richard A. and Kent, W. James and Miller, Webb and Haussler, David},
    number = {8},
    volume = {15},
    doi = {10.1101/gr.3715005},
    issn = {10889051}
}

@article{Mugal2015EvolutionaryGenomes,
    title = {{Evolutionary consequences of DNA methylation on the GC content in vertebrate genomes}},
    year = {2015},
    journal = {G3: Genes, Genomes, Genetics},
    author = {Mugal, Carina F. and Arndt, Peter F. and Holm, Lena and Ellegren, Hans},
    number = {3},
    pages = {441--447},
    volume = {5},
    publisher = {Genetics Society of America},
    url = {https://pubmed.ncbi.nlm.nih.gov/25591920/},
    doi = {10.1534/g3.114.015545},
    issn = {21601836},
    pmid = {25591920},
    keywords = {CpG hypermutability, DNA methylation, GC content, GC isochores, GC-biased gene conversion}
}

@article{Long2018EvolutionaryComposition,
    title = {{Evolutionary determinants of genome-wide nucleotide composition}},
    year = {2018},
    journal = {Nature Ecology and Evolution},
    author = {Long, Hongan and Sung, Way and Kucukyildirim, Sibel and Williams, Emily and Miller, Samuel F. and Guo, Wanfeng and Patterson, Caitlyn and Gregory, Colin and Strauss, Chloe and Stone, Casey and Berne, Cécile and Kysela, David and Shoemaker, William R. and Muscarella, Mario E. and Luo, Haiwei and Lennon, Jay T. and Brun, Yves V. and Lynch, Michael},
    number = {2},
    month = {2},
    pages = {237--240},
    volume = {2},
    publisher = {Nature Publishing Group},
    url = {https://doi.org/10.1038/s41559-017-0425-y},
    doi = {10.1038/s41559-017-0425-y},
    issn = {2397334X},
    pmid = {29292397},
    keywords = {Evolutionary genetics, Molecular evolution}
}

@article{Kimura1968EvolutionaryLevel,
    title = {{Evolutionary rate at the molecular level}},
    year = {1968},
    journal = {Nature},
    author = {Kimura, Motoo},
    number = {5129},
    pages = {624--626},
    volume = {217},
    publisher = {Nature},
    url = {https://pubmed.ncbi.nlm.nih.gov/5637732/},
    doi = {10.1038/217624a0},
    issn = {00280836},
    pmid = {5637732},
    keywords = {Amino Acid Sequence*, Animals, Biological Evolution*, Cytochromes*, DNA, Gene Frequency, Genetics, Haploidy, Humans, M Kimura, MEDLINE, Mathematics, Mutation*, NCBI, NIH, NLM, National Center for Biotechnology Information, National Institutes of Health, National Library of Medicine, Nucleotides, Population, PubMed Abstract, doi:10.1038/217624a0, pmid:5637732}
}

@article{Perry1999EvolutionaryPosition,
    title = {{Evolutionary rate of a gene affected by chromosomal position}},
    year = {1999},
    journal = {Current Biology},
    author = {Perry, Jo and Ashworth, Alan},
    number = {17},
    month = {9},
    pages = {987--989},
    volume = {9},
    publisher = {Current Biology Ltd},
    url = {https://pubmed.ncbi.nlm.nih.gov/10508587/},
    doi = {10.1016/S0960-9822(99)80430-8},
    issn = {09609822},
    pmid = {10508587},
    keywords = {A Ashworth, Animals, Chromosome Mapping*, Comparative Study, Complementary / genetics, DNA, Evolution, Female, Genes*, Genetic, Humans, Inbred C57BL / genetics*, J Perry, MEDLINE, Male, Mice, Molecular*, Muridae / genetics*, NCBI, NIH, NLM, National Center for Biotechnology Information, National Institutes of Health, National Library of Medicine, Non-U.S. Gov't, Nucleic Acid, Phylogeny, Proteins / genetics*, PubMed Abstract, Rats / genetics*, Research Support, Selection, Sequence Homology, Species Specificity, Ubiquitin-Protein Ligases, X Chromosome / genetics*, Y Chromosome / genetics*, doi:10.1016/s0960-9822(99)80430-8, pmid:10508587}
}

@article{Felsenstein1981EvolutionaryApproach,
    title = {{Evolutionary trees from DNA sequences: A maximum likelihood approach}},
    year = {1981},
    journal = {Journal of Molecular Evolution},
    author = {Felsenstein, Joseph},
    number = {6},
    month = {11},
    pages = {368--376},
    volume = {17},
    publisher = {Springer-Verlag},
    url = {https://pubmed.ncbi.nlm.nih.gov/7288891/},
    doi = {10.1007/BF01734359},
    issn = {00222844},
    pmid = {7288891},
    keywords = {DNA sequences, Estimation, Evolution, Maximum likelihood, Parsimony, Phylogeny}
}

@article{Steenwyk2019ExtensiveYeasts,
    title = {{Extensive loss of cell-cycle and DNA repair genes in an ancient lineage of bipolar budding yeasts}},
    year = {2019},
    journal = {PLoS Biology},
    author = {Steenwyk, Jacob L. and Opulente, Dana A. and Kominek, Jacek and Shen, Xing Xing and Zhou, Xiaofan and Labella, Abigail L. and Bradley, Noah P. and Eichman, Brandt F. and {\v{C}}ade{\v{z}}, Neža and Libkind, Diego and De Virgilio, Jeremy and Hulfachor, Amanda Beth and Kurtzman, Cletus P. and Hittinger, Chris Todd and Rokas, Antonis},
    doi = {10.1371/journal.pbio.3000255},
    issn = {15457885},
    pmid = {31112549}
}

@article{Zou2012FittingModel,
    title = {{Fitting nonstationary general-time-reversible models to obtain edge-lengths and frequencies for the barry-hartigan model}},
    year = {2012},
    journal = {Systematic Biology},
    author = {Zou, Liwen and Susko, Edward and Field, Chris and Roger, Andrew J.},
    number = {6},
    volume = {61},
    doi = {10.1093/sysbio/sys046},
    issn = {10635157}
}

@article{Chang1996FullConsistency,
    title = {{Full reconstruction of Markov models on evolutionary trees: Identifiability and consistency}},
    year = {1996},
    journal = {Mathematical Biosciences},
    author = {Chang, Joseph T.},
    number = {1},
    month = {10},
    pages = {51--73},
    volume = {137},
    publisher = {Elsevier Inc.},
    url = {https://pubmed.ncbi.nlm.nih.gov/8854662/},
    doi = {10.1016/S0025-5564(96)00075-2},
    issn = {00255564},
    pmid = {8854662},
    keywords = {Animals, Biological Evolution*, Biological*, J T Chang, MEDLINE, Markov Chains*, Models, NCBI, NIH, NLM, National Center for Biotechnology Information, National Institutes of Health, National Library of Medicine, PubMed Abstract, doi:10.1016/s0025-5564(96)00075-2, pmid:8854662}
}

@article{Lynch2016GeneticRate,
    title = {{Genetic drift, selection and the evolution of the mutation rate}},
    year = {2016},
    journal = {Nature Reviews Genetics},
    author = {Lynch, Michael and Ackerman, Matthew S. and Gout, Jean Francois and Long, Hongan and Sung, Way and Thomas, W. Kelley and Foster, Patricia L.},
    number = {11},
    month = {10},
    pages = {704--714},
    volume = {17},
    publisher = {Nature Publishing Group},
    url = {https://pubmed.ncbi.nlm.nih.gov/27739533/},
    doi = {10.1038/nrg.2016.104},
    issn = {14710064},
    pmid = {27739533},
    keywords = {Biological Evolution*, Genetic, Genetic / genetics*, Genetic Drift*, Genetic Variation / genetics*, Humans, MEDLINE, Matthew S Ackerman, Michael Lynch, Models, Mutation Rate*, NCBI, NIH, NLM, National Center for Biotechnology Information, National Institutes of Health, National Library of Medicine, Patricia L Foster, PubMed Abstract, Review, Selection, doi:10.1038/nrg.2016.104, pmid:27739533}
}

@article{Gardner2002GenomeFalciparum,
    title = {{Genome sequence of the human malaria parasite Plasmodium falciparum}},
    year = {2002},
    journal = {Nature},
    author = {Gardner, Malcolm J. and Hall, Neil and Fung, Eula and White, Owen and Berriman, Matthew and Hyman, Richard W. and Carlton, Jane M. and Pain, Arnab and Nelson, Karen E. and Bowman, Sharen and Paulsen, Ian T. and James, Keith and Eisen, Jonathan A. and Rutherford, Kim and Salzberg, Steven L. and Craig, Alister and Kyes, Sue and Chan, Man Suen and Nene, Vishvanath and Shallom, Shamira J. and Suh, Bernard and Peterson, Jeremy and Angiuoli, Sam and Pertea, Mihaela and Allen, Jonathan and Selengut, Jeremy and Haft, Daniel and Mather, Michael W. and Vaidya, Akhil B. and Martin, David M.A. and Fairlamb, Alan H. and Fraunholz, Martin J. and Roos, David S. and Ralph, Stuart A. and McFadden, Geoffrey I. and Cummings, Leda M. and Subramanian, G. Mani and Mungall, Chris and Venter, J. Craig and Carucci, Daniel J. and Hoffman, Stephen L. and Davis, Ronald W. and Fraser, Claire M. and Barrell, Bart},
    doi = {10.1038/nature01097},
    issn = {00280836},
    pmid = {12368864}
}

@article{Shen2020Genome-scaleAscomycota,
    title = {{Genome-scale phylogeny and contrasting modes of genome evolution in the fungal phylum Ascomycota}},
    year = {2020},
    journal = {Science Advances},
    author = {Shen, Xing Xing and Steenwyk, Jacob L. and LaBella, Abigail L. and Opulente, Dana A. and Zhou, Xiaofan and Kominek, Jacek and Li, Yuanning and Groenewald, Marizeth and Hittinger, Chris T. and Rokas, Antonis},
    doi = {10.1126/SCIADV.ABD0079},
    issn = {23752548},
    pmid = {33148650}
}

@article{Karlin1994HeterogeneityValues,
    title = {{Heterogeneity of genomes: Measures and values}},
    year = {1994},
    journal = {Proceedings of the National Academy of Sciences of the United States of America},
    author = {Karlin, S. and Ladunga, I. and Blaisdell, B. E.},
    doi = {10.1073/pnas.91.26.12837},
    issn = {00278424},
    pmid = {7809131}
}

@article{Huang2005HowMammals,
    title = {{How strong is the mutagenicity of recombination in mammals?}},
    year = {2005},
    journal = {Molecular Biology and Evolution},
    author = {Huang, Shiao Wei and Friedman, Robert and Yu, Ning and Yu, Alex and Li, Wen Hsiung},
    pages = {426--431},
    doi = {10.1093/molbev/msi025},
    issn = {07374038},
    pmid = {15496551},
    keywords = {Mutation rate, Nucleotide substitution, Pseudoautosomal region, Recombination rate}
}

@article{Galtier1995InferringCompositions,
    title = {{Inferring phylogenies from DNA sequences of unequal base compositions}},
    year = {1995},
    journal = {Proceedings of the National Academy of Sciences of the United States of America},
    author = {Galtier, Nicolas and Gouy, Manolo},
    doi = {10.1073/pnas.92.24.11317},
    issn = {00278424},
    pmid = {7479987},
    keywords = {G+C content, Markov model, molecular phylogeny}
}

@article{Kreitman1991InferringDivergence,
    title = {{Inferring the evolutionary histories of the Adh and Adh-dup loci in Drosophila melanogaster from patterns of polymorphism and divergence}},
    year = {1991},
    journal = {Genetics},
    author = {Kreitman, M. and Hudson, R. R.},
    number = {3},
    volume = {127},
    doi = {10.1093/genetics/127.3.565},
    issn = {00166731}
}

@article{Morgan2019InstabilityMice,
    title = {{Instability of the pseudoautosomal boundary in house mice}},
    year = {2019},
    journal = {Genetics},
    author = {Morgan, Andrew P. and Bell, Timothy A. and Crowley, James J. and De Villena, Fernando Pardo Manuel},
    number = {2},
    month = {6},
    pages = {469--487},
    volume = {212},
    publisher = {Genetics Society of America},
    url = {/pmc/articles/PMC6553833/ /pmc/articles/PMC6553833/?report=abstract https://www.ncbi.nlm.nih.gov/pmc/articles/PMC6553833/},
    doi = {10.1534/genetics.119.302232},
    issn = {19432631},
    pmid = {31028113},
    keywords = {Meiosis, Pseudoautosomal region, Recombination, Sex chromosome evolution}
}

@article{Deshmukh2018LevelsGenome,
    title = {{Levels of DNA cytosine methylation in the Drosophila genome}},
    year = {2018},
    journal = {PeerJ},
    author = {Deshmukh, Saniya and Ponnaluri, V. K.Chaithanya and Dai, Nan and Pradhan, Sriharsa and Deobagkar, Deepti},
    number = {7},
    pages = {-undefined},
    volume = {},
    publisher = {PeerJ Inc.},
    url = {https://pubmed.ncbi.nlm.nih.gov/30002967/},
    doi = {10.7717/peerj.5119},
    issn = {21678359},
    keywords = {5-methylcytosine, DNA methylation, Drosophila, UHPLC-QQQ}
}

@incollection{Edwards2001LikelihoodStatistics,
    title = {{Likelihood in Statistics}},
    year = {2001},
    booktitle = {International Encyclopedia of the Social {\&} Behavioral Sciences},
    author = {Edwards, A.W.F.},
    doi = {10.1016/b0-08-043076-7/00450-2}
}

@article{Polak2009Long-RangeGenome,
    title = {{Long-Range Bidirectional Strand Asymmetries Originate at CpG Islands in the Human Genome}},
    year = {2009},
    journal = {Genome Biology and Evolution},
    author = {Polak, Paz and Arndt, Peter F.},
    month = {1},
    pages = {189--197},
    volume = {1},
    publisher = {Oxford Academic},
    url = {https://academic.oup.com/gbe/article/doi/10.1093/gbe/evp024/601067},
    doi = {10.1093/GBE/EVP024}
}

@article{Ababneh2006Matched-pairsSequences,
    title = {{Matched-pairs tests of homogeneity with applications to homologous nucleotide sequences}},
    year = {2006},
    journal = {Bioinformatics},
    author = {Ababneh, Faisal and Jermiin, Lars S. and Ma, Chunsheng and Robinson, John},
    number = {10},
    month = {5},
    pages = {1225--1231},
    volume = {22},
    publisher = {Oxford Academic},
    url = {https://academic.oup.com/bioinformatics/article/22/10/1225/236859},
    doi = {10.1093/BIOINFORMATICS/BTL064},
    issn = {1367-4803}
}

@article{Cooper2010Methylation-mediatedDinucleotides,
    title = {{Methylation-mediated deamination of 5-methylcytosine appears to give rise to mutations causing human inherited disease in CpNpG trinucleotides, as well as in CpG dinucleotides}},
    year = {2010},
    journal = {Human Genomics},
    author = {Cooper, David N. and Mort, Matthew and Stenson, Peter D. and Ball, Edward V. and Chuzhanova, Nadia A.},
    doi = {10.1186/1479-7364-4-6-406},
    issn = {14797364},
    pmid = {20846930},
    keywords = {5-methylcytosine deamination, CpG dinucleotide, CpNpGp trinucleotide, cytosine methylation, human inherited disease, missense/nonsense mutations, mutation hotspots}
}

@article{Lio1998ModelsPhylogeny,
    title = {{Models of molecular evolution and phylogeny}},
    year = {1998},
    journal = {Genome Research},
    author = {Li{\`{o}}, Pietro and Goldman, Nick},
    number = {12},
    pages = {1233--1244},
    volume = {8},
    publisher = {Genome Res},
    url = {https://pubmed.ncbi.nlm.nih.gov/9872979/},
    doi = {10.1101/gr.8.12.1233},
    issn = {10889051},
    keywords = {Amino Acid Substitution / genetics, Animals, Evolution, Genetic Heterogeneity, Genetic*, Humans, MEDLINE, Markov Chains, Models, Molecular*, N Goldman, NCBI, NIH, NLM, National Center for Biotechnology Information, National Institutes of Health, National Library of Medicine, Non-U.S. Gov't, P Li{\`{o}}, Phylogeny*, PubMed Abstract, Research Support, Review, Sequence Alignment, Software, doi:10.1101/gr.8.12.1233, pmid:9872979}
}

@article{Coulondre1978MolecularColi,
    title = {{Molecular basis of base substitution hotspots in Escherichia coli}},
    year = {1978},
    journal = {Nature},
    author = {Coulondre, Christine and Miller, Jeffrey H. and Farabaugh, Philip J. and Gilbert, Walter},
    doi = {10.1038/274775a0},
    issn = {00280836},
    pmid = {355893}
}

@article{Whelan2001MolecularPast,
    title = {{Molecular phylogenetics: State-of-the-art methods for looking into the past}},
    year = {2001},
    journal = {Trends in Genetics},
    author = {Whelan, Simon and Li{\`{o}}, Pietro and Goldman, Nick},
    number = {5},
    month = {5},
    pages = {262--272},
    volume = {17},
    publisher = {Trends Genet},
    url = {https://pubmed.ncbi.nlm.nih.gov/11335036/},
    doi = {10.1016/S0168-9525(01)02272-7},
    issn = {01689525},
    pmid = {11335036},
    keywords = {Animals, Genetic, Humans, MEDLINE, Models, Molecular Biology*, N Goldman, NCBI, NIH, NLM, National Center for Biotechnology Information, National Institutes of Health, National Library of Medicine, P Li{\`{o}}, Phylogeny*, PubMed Abstract, Review, S Whelan, Software, doi:10.1016/s0168-9525(01)02272-7, pmid:11335036}
}

@article{Russo1995MolecularSpecies,
    title = {{Molecular phylogeny and divergence times of drosophilid species}},
    year = {1995},
    journal = {Molecular Biology and Evolution},
    author = {Russo, C. A.M. and Takezaki, N. and Nei, M.},
    doi = {10.1093/oxfordjournals.molbev.a040214},
    issn = {07374038},
    pmid = {7739381},
    keywords = {Drosophila, Scaptodrosophila, Scaptomyza, Zaprionus, alcohol dehydrogenase gene, divergence times, molecular clock, phylogeny}
}

@article{Kumar2002MutationGenomes,
    title = {{Mutation rates in mammalian genomes}},
    year = {2002},
    journal = {Proceedings of the National Academy of Sciences of the United States of America},
    author = {Kumar, Sudhir and Subramanian, Sankar},
    number = {2},
    month = {1},
    pages = {803--808},
    volume = {99},
    publisher = {Proc Natl Acad Sci U S A},
    url = {https://pubmed.ncbi.nlm.nih.gov/11792858/},
    doi = {10.1073/pnas.022629899},
    issn = {00278424},
    pmid = {11792858},
    keywords = {Disparity index, Generation length, Molecular clock, Neutral evolution, Substitution pattern}
}

@article{King1969Non-DarwinianEvolution,
    title = {{Non-Darwinian evolution}},
    year = {1969},
    journal = {Science},
    author = {King, Jack Lester and Jukes, Thomas H.},
    number = {3881},
    pages = {788--798},
    volume = {164},
    publisher = {Science},
    url = {https://pubmed.ncbi.nlm.nih.gov/5767777/},
    doi = {10.1126/science.164.3881.788},
    issn = {00368075},
    pmid = {5767777},
    keywords = {Alleles, Amino Acid Sequence, Animals, Biological Evolution*, Cytochromes, DNA, Genetic, Genetic Code, Hemoglobins, Humans, J L King, MEDLINE, Molecular Biology*, Mutation*, NCBI, NIH, NLM, National Center for Biotechnology Information, National Institutes of Health, National Library of Medicine, Proteins*, PubMed Abstract, Selection, T H Jukes, doi:10.1126/science.164.3881.788, pmid:5767777}
}

@article{Kimura1967OnRates,
    title = {{On the evolutionary adjustment of spontaneous mutation rates}},
    year = {1967},
    journal = {Genetical Research},
    author = {Kimura, Motoo},
    number = {1},
    pages = {23--34},
    volume = {9},
    publisher = {Cambridge University Press},
    url = {https://doi.org/10.1017/S0016672300010284},
    doi = {10.1017/S0016672300010284},
    issn = {14695073}
}

@article{Graur2013OnENCODE,
    title = {{On the Immortality of Television Sets: “Function” in the Human Genome According to the Evolution-Free Gospel of ENCODE}},
    year = {2013},
    journal = {Genome Biology and Evolution},
    author = {Graur, Dan and Zheng, Yichen and Price, Nicholas and Azevedo, Ricardo B.R. and Zufall, Rebecca A. and Elhaik, Eran},
    number = {3},
    month = {3},
    pages = {578--590},
    volume = {5},
    publisher = {Oxford Academic},
    url = {https://academic.oup.com/gbe/article/5/3/578/583411},
    doi = {10.1093/GBE/EVT028},
    keywords = {ENCODE project, Genome functionality, Junk DNA, Selection}
}

@article{Li1999Paleo-demographyMethod,
    title = {{Paleo-demography of the Drosophila melanogaster subgroup: Application of the maximum likelihood method}},
    year = {1999},
    journal = {Genes and Genetic Systems},
    author = {Li, Yi Ju and Satta, Yoko and Takahata, Naoyuki},
    doi = {10.1266/ggs.74.117},
    issn = {13417568},
    pmid = {10650839}
}

@article{Schranz2008PathologicalPathogens,
    title = {{Pathological rate matrices: From primates to pathogens}},
    year = {2008},
    journal = {BMC Bioinformatics},
    author = {Schranz, Harold W. and Yap, Bing Von and Easteal, Simon and Knight, Rob and Huttley, Gavin A.},
    number = {1},
    month = {12},
    pages = {1--10},
    volume = {9},
    publisher = {BioMed Central},
    url = {http://www.biomedcentral.com/1471-2105/9/550},
    doi = {10.1186/1471-2105-9-550},
    issn = {14712105},
    pmid = {19099591},
    keywords = {Algorithms, Bioinformatics, Computational Biology/Bioinformatics, Computer Appl. in Life Sciences, Microarrays}
}

@article{Haddrill2005PatternsContent.,
    title = {{Patterns of intron sequence evolution in Drosophila are dependent upon length and GC content.}},
    year = {2005},
    journal = {Genome biology},
    author = {Haddrill, Penelope R. and Charlesworth, Brian and Halligan, Daniel L. and Andolfatto, Peter},
    doi = {10.1186/gb-2005-6-8-r67},
    issn = {14656914},
    pmid = {16086849}
}

@article{Haddrill2005PatternsContent.b,
    title = {{Patterns of intron sequence evolution in Drosophila are dependent upon length and GC content.}},
    year = {2005},
    journal = {Genome biology},
    author = {Haddrill, Penelope R. and Charlesworth, Brian and Halligan, Daniel L. and Andolfatto, Peter},
    doi = {10.1186/gb-2005-6-8-r67},
    issn = {14656914},
    pmid = {16086849}
}

@article{Dwivedi2009PhylogeneticGapsb,
    title = {{Phylogenetic inference under varying proportions of indel-induced alignment gaps}},
    year = {2009},
    journal = {BMC Evolutionary Biology},
    author = {Dwivedi, Bhakti and Gadagkar, Sudhindra R.},
    number = {1},
    volume = {9},
    doi = {10.1186/1471-2148-9-211},
    issn = {14712148}
}

@article{Knight2007PyCogent:Sequence,
    title = {{PyCogent: A toolkit for making sense from sequence}},
    year = {2007},
    journal = {Genome Biology},
    author = {Knight, Rob and Maxwell, Peter and Birmingham, Amanda and Carnes, Jason and Caporaso, J. Gregory and Easton, Brett C. and Eaton, Michael and Hamady, Micah and Lindsay, Helen and Liu, Zongzhi and Lozupone, Catherine and McDonald, Daniel and Robeson, Michael and Sammut, Raymond and Smit, Sandra and Wakefield, Matthew J. and Widmann, Jeremy and Wikman, Shandy and Wilson, Stephanie and Ying, Hua and Huttley, Gavin A.},
    number = {8},
    month = {8},
    volume = {8},
    publisher = {Genome Biol},
    url = {https://pubmed.ncbi.nlm.nih.gov/17708774/},
    doi = {10.1186/gb-2007-8-8-r171},
    issn = {14747596},
    pmid = {17708774},
    keywords = {Animals, BRCA1 Protein / genetics, Databases, Evaluation Study, Extramural, Gavin A Huttley, Genetic, Genomics / methods*, Humans, MEDLINE, N.I.H., NCBI, NIH, NLM, National Center for Biotechnology Information, National Institutes of Health, National Library of Medicine, Non-U.S. Gov't, PMC2375001, Peter Maxwell, Phylogeny, Protein Conformation, Proteobacteria / classification, Proteobacteria / genetics, PubMed Abstract, Research Support, Rob Knight, Sequence Analysis / methods*, Software*, doi:10.1186/gb-2007-8-8-r171, pmid:17708774, von Willebrand Factor / chemistry, von Willebrand Factor / genetics}
}

@article{Squartini2008QuantifyingProcess,
    title = {{Quantifying the stationarity and time reversibility of the nucleotide substitution process}},
    year = {2008},
    journal = {Molecular Biology and Evolution},
    author = {Squartini, Federico and Arndt, Peter F.},
    number = {12},
    month = {12},
    pages = {2525--2535},
    volume = {25},
    publisher = {Mol Biol Evol},
    url = {https://pubmed.ncbi.nlm.nih.gov/18682605/},
    doi = {10.1093/molbev/msn169},
    issn = {07374038},
    pmid = {18682605},
    keywords = {CpG effect, Markov models of nucleotide substitutions, Maximum likelihood estimation, Stationarity, Time reversibility}
}

@article{Caccone1988RatesSubgroup.,
    title = {{Rates and patterns of scnDNA and mtDNA divergence within the Drosophila melanogaster subgroup.}},
    year = {1988},
    journal = {Genetics},
    author = {Caccone, A. and Amato, G. D. and Powell, J. R.},
    doi = {10.1093/genetics/118.4.671},
    issn = {00166731},
    pmid = {2896615}
}

@article{Montoya-Burgos2003RecombinationGenomes,
    title = {{Recombination explains isochores in mammalian genomes}},
    year = {2003},
    journal = {Trends in Genetics},
    author = {Montoya-Burgos, Juan Ignacio and Boursot, Pierre and Galtier, Nicolas},
    number = {3},
    month = {3},
    pages = {128--130},
    volume = {19},
    publisher = {Trends Genet},
    url = {https://pubmed.ncbi.nlm.nih.gov/12615004/},
    doi = {10.1016/S0168-9525(03)00021-0},
    issn = {01689525},
    pmid = {12615004},
    keywords = {Animals, Base Composition, Biological Evolution, Comparative Study, GC Rich Sequence, Genes, Genetic, Genetic*, Genome*, Humans, Isochores / chemistry, Isochores / genetics*, Juan Ignacio Montoya-Burgos, MEDLINE, Minisatellite Repeats, NCBI, NIH, NLM, National Center for Biotechnology Information, National Institutes of Health, National Library of Medicine, Nicolas Galtier, Non-U.S. Gov't, Phylogeny, Pierre Boursot, PubMed Abstract, Recombination, Research Support, Review, Species Specificity, Translocation, doi:10.1016/S0168-9525(03)00021-0, pmid:12615004}
}

@article{Yap2005RootingModels,
    title = {{Rooting a phylogenetic tree with nonreversible substitution models}},
    year = {2005},
    author = {Yap, Bing and Speed, Terry},
    url = {http://www.biomedcentral.com/1471-2148/5/2},
    doi = {10.1186/1471-2148-5-2}
}

@article{Provataris2018SignaturesHolometabola,
    title = {{Signatures of DNA methylation across insects suggest reduced DNA methylation levels in holometabola}},
    year = {2018},
    journal = {Genome Biology and Evolution},
    author = {Provataris, Panagiotis and Meusemann, Karen and Niehuis, Oliver and Grath, Sonja and Misof, Bernhard},
    number = {4},
    month = {4},
    pages = {1185--1197},
    volume = {10},
    publisher = {Oxford University Press},
    url = {https://pubmed.ncbi.nlm.nih.gov/29697817/},
    doi = {10.1093/gbe/evy066},
    issn = {17596653},
    pmid = {29697817},
    keywords = {CpG o/e, DNA methylation, DNMT1, DNMT3, Hexapoda, Tet}
}

@article{Goldman1993SimpleSubstitution,
    title = {{Simple diagnostic statistical tests of models for DNA substitution}},
    year = {1993},
    journal = {Journal of Molecular Evolution},
    author = {Goldman, Nick},
    number = {6},
    volume = {37},
    doi = {10.1007/BF00182751},
    issn = {14321432}
}

@article{Levinson1987Slipped-strandEvolution,
    title = {{Slipped-strand mispairing: A major mechanism for DNA sequence evolution}},
    year = {1987},
    journal = {Molecular Biology and Evolution},
    author = {Levinson, G. and Gutman, G. A.},
    number = {3},
    pages = {203--221},
    volume = {4},
    publisher = {Mol Biol Evol},
    url = {https://pubmed.ncbi.nlm.nih.gov/3328815/},
    doi = {10.1093/oxfordjournals.molbev.a040442},
    issn = {07374038},
    pmid = {3328815},
    keywords = {Base Composition*, Base Sequence, Biological Evolution*, DNA / genetics*, G A Gutman, G Levinson, Genes, MEDLINE, Molecular Sequence Data, NCBI, NIH, NLM, National Center for Biotechnology Information, National Institutes of Health, National Library of Medicine, Non-U.S. Gov't, P.H.S., PubMed Abstract, Research Support, Review, U.S. Gov't, doi:10.1093/oxfordjournals.molbev.a040442, pmid:3328815}
}

@article{Hermisson2005SoftVariation,
    title = {{Soft sweeps: Molecular population genetics of adaptation from standing genetic variation}},
    year = {2005},
    journal = {Genetics},
    author = {Hermisson, Joachim and Pennings, Pleuni S.},
    number = {4},
    month = {4},
    pages = {2335--2352},
    volume = {169},
    publisher = {Genetics},
    url = {https://pubmed.ncbi.nlm.nih.gov/15716498/},
    doi = {10.1534/genetics.104.036947},
    issn = {00166731},
    pmid = {15716498},
    keywords = {Adaptation, Alleles, Animals, Evolution, Genetic, Genetic Variation*, Genetics, Humans, Joachim Hermisson, MEDLINE, Models, Molecular, Mutation, NCBI, NIH, NLM, National Center for Biotechnology Information, National Institutes of Health, National Library of Medicine, Non-U.S. Gov't, PMC1449620, Physiological*, Pleuni S Pennings, Poisson Distribution, Population*, PubMed Abstract, Research Support, Statistical, Theoretical, doi:10.1534/genetics.104.036947, pmid:15716498}
}

@article{Kaehler2017StandardData,
    title = {{Standard codon substitution models overestimate purifying selection for nonstationary data}},
    year = {2017},
    journal = {Genome Biology and Evolution},
    author = {Kaehler, Benjamin D. and Yap, Von Bing and Huttley, Gavin A.},
    doi = {10.1093/gbe/evw308},
    issn = {17596653},
    pmid = {28175284},
    keywords = {Codon models, Markov model, Natural selection, Nonstationary}
}

@article{Barry1987StatisticalEvolution,
    title = {{Statistical Analysis of Hominoid Molecular Evolution}},
    year = {1987},
    journal = {Statistical Science},
    author = {Barry, Daniel and Hartigan, J. A.},
    number = {2},
    month = {5},
    pages = {191--207},
    volume = {2},
    publisher = {Institute of Mathematical Statistics},
    url = {https://projecteuclid.org\journals\statistical-science\volume-2\issue-2\Statistical-Analysis-of-Hominoid-Molecular-Evolution\10.1214/ss/1177013353.full},
    doi = {10.1214/ss/1177013353},
    issn = {0883-4237},
    keywords = {DNA sequences, Markov processes, Molecular evolution, Primate evolution}
}

@book{Silvey1975StatisticalInference,
    title = {{Statistical Inference}},
    year = {1975},
    author = {Silvey, S. D},
    pages = {108--114},
    publisher = {Chapman and Hall},
    address = {London}
}

@article{Storey2003StatisticalStudies,
    title = {{Statistical significance for genomewide studies}},
    year = {2003},
    journal = {Proceedings of the National Academy of Sciences of the United States of America},
    author = {Storey, John D. and Tibshirani, Robert},
    number = {16},
    volume = {100},
    doi = {10.1073/pnas.1530509100},
    issn = {00278424}
}

@article{Goldman1993StatisticalSubstitution,
    title = {{Statistical tests of models of DNA substitution}},
    year = {1993},
    journal = {Journal of Molecular Evolution},
    author = {Goldman, Nick},
    number = {2},
    pages = {182--198},
    volume = {36},
    publisher = {J Mol Evol},
    url = {https://pubmed.ncbi.nlm.nih.gov/7679448/},
    doi = {10.1007/BF00166252},
    issn = {14321432},
    pmid = {7679448},
    keywords = {Evolutionary models, Hypothesis testing, Maximum likelihood inference, Molecular clock, Phylogenetic inference, Statistical testing}
}

@book{Lindgren1976StatisticalTheory,
    title = {{Statistical theory}},
    year = {1976},
    booktitle = {Macmillan},
    author = {Lindgren, BW},
    edition = {3rd},
    pages = {307--308},
    address = {New York}
}

@article{Singh2009StrongDrosophila,
    title = {{Strong evidence for lineage and sequence specificity of substitution rates and patterns in drosophila}},
    year = {2009},
    journal = {Molecular Biology and Evolution},
    author = {Singh, Nadia D. and Arndt, Peter F. and Clark, Andrew G. and Aquadro, Charles F.},
    number = {7},
    month = {7},
    pages = {1591--1605},
    volume = {26},
    publisher = {Mol Biol Evol},
    url = {https://pubmed.ncbi.nlm.nih.gov/19351792/},
    doi = {10.1093/molbev/msp071},
    issn = {07374038},
    pmid = {19351792},
    keywords = {Drosophila, Selective constraint, Stationary GC content, Substitutional patterns}
}

@article{Tamura2004TemporalClocks,
    title = {{Temporal Patterns of Fruit Fly (Drosophila) Evolution Revealed by Mutation Clocks}},
    year = {2004},
    journal = {Molecular Biology and Evolution},
    author = {Tamura, Koichiro and Subramanian, Sankar and Kumar, Sudhir},
    number = {1},
    month = {1},
    pages = {36--44},
    volume = {21},
    publisher = {Mol Biol Evol},
    url = {https://pubmed.ncbi.nlm.nih.gov/12949132/},
    doi = {10.1093/molbev/msg236},
    issn = {07374038},
    pmid = {12949132},
    keywords = {Drosophila, Evolutionary distance estimation, Molecular clock, Molecular evolution, Mutation rate, Speciation}
}

@article{A1995TestsData,
    title = {{Tests of applicability of several substitution models for DNA sequence data}},
    year = {1995},
    journal = {Molecular biology and evolution},
    author = {A, Rzhetsky and M, Nei},
    number = {1},
    pages = {131--151},
    volume = {12},
    publisher = {Mol Biol Evol},
    url = {https://pubmed.ncbi.nlm.nih.gov/7877488/},
    doi = {10.1093/OXFORDJOURNALS.MOLBEV.A040182},
    issn = {0737-4038},
    pmid = {7877488},
    keywords = {A Rzhetsky, Base Sequence*, Biological Evolution*, Comparative Study, Computer Simulation, DNA / chemistry, DNA / genetics*, Genetic Variation*, Genetic*, M Nei, MEDLINE, Models, NCBI, NIH, NLM, National Center for Biotechnology Information, National Institutes of Health, National Library of Medicine, Non-P.H.S., P.H.S., PubMed Abstract, Research Support, Statistical*, Theoretical, U.S. Gov't, doi:10.1093/oxfordjournals.molbev.a040182, pmid:7877488}
}

@book{Kendall1979The2,
    title = {{The advanced theory of statistics, vol 2}},
    year = {1979},
    author = {Kendall, M and Stuart, A},
    edition = {4th},
    pages = {240--252},
    publisher = {Charles Griffin},
    address = {London}
}

@article{Verbyla2013TheSubstitution,
    title = {{The Embedding Problem for Markov Models of Nucleotide Substitution}},
    year = {2013},
    journal = {PLoS ONE},
    author = {Verbyla, K L and Yap, V B and Pahwa, A and Shao, Y and Huttley, G A},
    number = {7},
    pages = {69187},
    volume = {8},
    url = {www.plosone.org},
    doi = {10.1371/journal.pone.0069187}
}

@article{Dhaygude2019TheHost,
    title = {{The first draft genomes of the ant Formica exsecta, and its Wolbachia endosymbiont reveal extensive gene transfer from endosymbiont to host}},
    year = {2019},
    journal = {BMC Genomics},
    author = {Dhaygude, Kishor and Nair, Abhilash and Johansson, Helena and Wurm, Yannick and Sundstr{\"{o}}m, Liselotte},
    doi = {10.1186/s12864-019-5665-6},
    issn = {14712164},
    pmid = {30991952},
    keywords = {Endosymbionts, Formica exsecta, Genome, Horizontal gene transfer, Transposons, Wolbachia}
}

@article{Duret2008TheGenome,
    title = {{The impact of recombination on nucleotide substitutions in the human genome}},
    year = {2008},
    journal = {PLoS Genetics},
    author = {Duret, Laurent and Arndt, Peter F.},
    number = {5},
    volume = {4},
    doi = {10.1371/journal.pgen.1000071},
    issn = {15537390}
}

@article{Lynch2011TheRates,
    title = {{The lower bound to the evolution of mutation rates}},
    year = {2011},
    journal = {Genome Biology and Evolution},
    author = {Lynch, Michael},
    number = {1},
    volume = {3},
    doi = {10.1093/gbe/evr066},
    issn = {17596653}
}

@article{Thacker1985TheReview,
    title = {{The molecular nature of mutations in cultured mammalian cells: A review}},
    year = {1985},
    journal = {Mutation Research - Fundamental and Molecular Mechanisms of Mutagenesis},
    author = {Thacker, John},
    number = {1-2},
    volume = {150},
    doi = {10.1016/0027-5107(85)90140-X},
    issn = {00275107}
}

@article{Gaffney2005TheGenome,
    title = {{The scale of mutational variation in the murid genome}},
    year = {2005},
    journal = {Genome Research},
    author = {Gaffney, Daniel J. and Keightley, Peter D.},
    number = {8},
    month = {8},
    pages = {1086},
    volume = {15},
    publisher = {Cold Spring Harbor Laboratory Press},
    url = {/pmc/articles/PMC1182221/ /pmc/articles/PMC1182221/?report=abstract https://www.ncbi.nlm.nih.gov/pmc/articles/PMC1182221/},
    doi = {10.1101/GR.3895005},
    pmid = {16024822}
}

@article{Gould1979TheProgramme,
    title = {{The spandrels of San Marco and the Panglossian paradigm: a critique of the adaptationist programme}},
    year = {1979},
    journal = {Proceedings of the Royal Society of London - Biological Sciences},
    author = {Gould, S. J. and Lewontin, R. C.},
    doi = {10.1098/rspb.1979.0086},
    issn = {09628452},
    pmid = {42062}
}

@misc{Slotkin2007TransposableGenomeb,
    title = {{Transposable elements and the epigenetic regulation of the genome}},
    year = {2007},
    booktitle = {Nature Reviews Genetics},
    author = {Slotkin, R. Keith and Martienssen, Robert},
    number = {4},
    month = {4},
    pages = {272--285},
    volume = {8},
    doi = {10.1038/nrg2072},
    issn = {14710056},
    pmid = {17363976}
}

@article{Kidwell2002TransposableEukaryotes,
    title = {{Transposable elements and the evolution of genome size in eukaryotes}},
    year = {2002},
    journal = {Genetica},
    author = {Kidwell, Margaret G.},
    number = {1},
    volume = {115},
    doi = {10.1023/A:1016072014259},
    issn = {00166707}
}

@article{Rost1999TwilightAlignmentsb,
    title = {{Twilight zone of protein sequence alignments}},
    year = {1999},
    journal = {Protein Engineering},
    author = {Rost, Burkhard},
    number = {2},
    volume = {12},
    doi = {10.1093/protein/12.2.85},
    issn = {02692139}
}

@article{Hamady2006UsingTransferb,
    title = {{Using the nucleotide substitution rate matrix to detect horizontal gene transfer}},
    year = {2006},
    journal = {BMC Bioinformatics},
    author = {Hamady, Micah and Betterton, M. D. and Knight, Rob},
    doi = {10.1186/1471-2105-7-476},
    issn = {14712105},
    pmid = {17067382}
}

@article{Bird1980VariableAnimals,
    title = {{Variable patterns of total DNA and rDNA methylation in animals}},
    year = {1980},
    journal = {Nucleic Acids Research},
    author = {Bird, Adrian P. and Taggart, Mary H.},
    number = {7},
    month = {4},
    pages = {1485--1497},
    volume = {8},
    publisher = {Nucleic Acids Res},
    url = {https://pubmed.ncbi.nlm.nih.gov/6253937/},
    doi = {10.1093/nar/8.7.1485},
    issn = {03051048},
    pmid = {6253937},
    keywords = {A P Bird, Animals, Base Sequence, Comparative Study, DNA / analysis*, DNA Restriction Enzymes, Female, Humans, Invertebrates, M H Taggart, MEDLINE, Male, Methylation, Molecular Weight, NCBI, NIH, NLM, National Center for Biotechnology Information, National Institutes of Health, National Library of Medicine, Non-U.S. Gov't, Nucleic Acid Hybridization, PMC324011, Pregnancy, PubMed Abstract, Research Support, Ribosomes / analysis*, Species Specificity, Vertebrates, doi:10.1093/nar/8.7.1485, pmid:6253937}
}

@article{Saccone199035Evolution,
    title = {{[35] Influence of base composition on quantitative estimates of gene evolution}},
    year = {1990},
    journal = {Methods in Enzymology},
    author = {Saccone, Cecilia and Lanave, Cecilia and Pesole, Graziano and Preparata, Giuliano},
    number = {C},
    month = {1},
    pages = {570--584},
    volume = {183},
    publisher = {Academic Press},
    doi = {10.1016/0076-6879(90)83037-A},
    issn = {0076-6879}
}